@misc{hdth,
title = {{Các tài liệu hướng dẫn thực hành đồ án}},
}

@misc{ntc,
author = {Nguyễn Thành Chung},
title = {{Các video hướng dẫn lập trình NachOS}},
url = {youtube.com/watch?v=t0jtY1C129s&list=PLRgTVtca98hUgCN2_2vzsAAXPiTFbvHpO}
}